@Manual{R-base,
  title = {R: A Language and Environment for Statistical Computing},
  author = {{R Core Team}},
  organization = {R Foundation for Statistical Computing},
  address = {Vienna, Austria},
  year = {2016},
  url = {https://www.R-project.org/},
}
@Manual{R-bookdown,
  title = {bookdown: Authoring Books with R Markdown},
  author = {Yihui Xie},
  note = {R package version 0.1.16},
  url = {https://github.com/rstudio/bookdown},
  year = {2016},
}
@Manual{R-knitr,
  title = {knitr: A General-Purpose Package for Dynamic Report Generation in R},
  author = {Yihui Xie},
  year = {2016},
  note = {R package version 1.14.10},
  url = {http://yihui.name/knitr/},
}
@Manual{R-rmarkdown,
  title = {rmarkdown: Dynamic Documents for R},
  author = {JJ Allaire and Joe Cheng and Yihui Xie and Jonathan McPherson and Winston Chang and Jeff Allen and Hadley Wickham and Aron Atkins and Rob Hyndman},
  year = {2016},
  note = {R package version 1.0.9016},
  url = {http://rmarkdown.rstudio.com},
}

@book{Borcard2011,
abstract = {Instructional Book for using R for programming},
author = {Borcard, Daniel and Gillet, Francois and Legendre, Pierre},
booktitle = {Applied Spatial Data Analysis with R},
doi = {10.1007/978-0-387-78171-6},
file = {:C$\backslash$:/Users/UPTL/Documents/Mendeley Desktop/Borcard, Gillet, Legendre - 2011 - Applied Spatial Data Analysis with R.pdf:pdf},
isbn = {978-0-387-78170-9},
issn = {9780387938363},
keywords = {R project},
mendeley-tags = {R project},
pages = {21--54},
title = {{Numerical Ecology with R}},
year = {2011}
}

@book{Stevens2009,
author = {Stevens, M. Henry H.},
file = {:C$\backslash$:/Users/UPTL/Documents/Mendeley Desktop/Stevens - 2009 - Unknown.pdf:pdf},
isbn = {9780387898810},
keywords = {R project},
mendeley-tags = {R project},
pages = {401},
title = {{A Primer of Ecology with R}},
year = {2009}
}

